3134 5042
678 1727 860 1789 ΕΥΡΩΠΗ.

281 1859 424 1990 Van.
443 1907 501 1979 68.
529 1907 639 2006 alagia·
667 1904 725 1979 Sic
742 1904 925 2002 Virgilius,
943 1909 990 1982 G.
1009 1905 1053 1982 iv.
1076 1927 1158 2008 135,

377 2031 442 2104 llle
458 2056 572 2102 comam
583 2031 679 2104 molli
690 2031 765 2129 jarn
783 2031 952 2104 tondebat
968 2030 1160 2128 hyacinthi.

326 2157 407 2230 Ver.
428 2180 445 2254 7
452 2177 485 2252 5.
511 2165 675 2234 ανωῖςοισιν·
702 2155 868 2230 Similiter
886 2155 1055 2243 Musaeus,
1072 2179 1144 2228 ver.
1160 2157 1223 2243 88,

428 2302 512 2352 αλλα
527 2313 731 2372 πυριπνευςοισι
747 2285 846 2374 lapsas
864 2263 984 2355 alonnlhv
1001 2288 1094 2357 οἳςοις.

683 2579 859 2642 ΜΕΓΑΡΑ.

279 2715 425 2839 Van.
445 2787 480 2862 5.
522 2766 565 2837 In
594 2765 709 2838 verbis
724 2766 862 2862 scilicit,
886 2771 962 2863 quia
982 2766 1049 2838 haec
1069 2766 1262 2861 praepasttio,

280 2870 351 2943 &a
371 2885 522 2938 mentem
542 2889 656 2937 meam
677 2865 800 2963 parurn
816 2866 961 2940 feliciter
971 2865 1133 2963 exposui.
1165 2868 1260 2940 Rec-

279 2968 350 3040 tius
378 2963 516 3038 fortasse
545 2964 721 3051 dixissem,
748 2965 844 3040 istam
874 2967 1163 3066 praepositionis
1148 3001 1199 3038 υπο
1225 2967 1261 3038 in

281 3066 413 3161 agentis
431 3064 571 3135 notione
588 3090 669 3138 curn
689 3069 804 3138 verbis
822 3067 950 3139 neutris
971 3067 1262 3177 construtlionenn

286 3162 472 3259 profetiam
490 3164 600 3233 videri
626 3167 722 3258 poffe
747 3191 791 3235 ex
818 3166 937 3238 latiore
954 3166 1015 3237 illo
1031 3167 1140 3237 causae
1157 3167 1179 3236 Γ
1169 3189 1266 3261 gor

284 3263 388 3338 ficatu
426 3286 500 3358 quo
540 3263 616 3332 haec
661 3264 859 3358 praepofitio
899 3266 1077 3362 praecipue
1119 3267 1261 3359 gaudet

282 3364 392 3460 Qud
409 3365 431 3432 fi
449 3363 525 3434 lraec
542 3359 660 3432 omnia
677 3363 733 3432 vel
750 3359 833 3434 falsa
850 3365 955 3435 vel
923 3366 1025 3436 turnis
1041 3364 1180 3436 subtilia
1195 3363 1264 3435 visa

283 3461 425 3551 fuerint,
440 3487 503 3558 pro
515 3461 653 3538 indietis
671 3463 873 3535 habeantur.
900 3466 1090 3553 Caeterurn,
1100 3465 1144 3537 ad
1156 3465 1265 3537 finern

283 3561 379 3635 istius
395 3561 623 3635 annotationis
638 3561 729 3633 adde
744 3585 790 3634 ex
808 3563 970 3659 Virgilio,

581 3683 807 3784 Zephyrique
823 3686 1036 3801 tepentibus
1037 3687 1128 3760 auris
1220 3715 1223 3720 ·

431 3788 570 3860 Laxant
585 3811 668 3860 arva
685 3789 705 3858 Γ
696 3813 786 3860 nus
885 3788 1036 3859 Geor.''
1016 3814 1051 3860 ιι.
1070 3812 1155 3882 330.

335 3911 417 3983 Ver.
435 3933 490 4008 75.
509 3911 580 3984 Pro
593 3910 709 3984 verbis
725 3909 860 3983 Audire
875 3911 985 3981 harre
1001 3911 1161 4006 Hongven.
1179 3912 1271 4005 apud

282 4012 392 4104 Viger
411 4028 446 4104 p.
462 4035 530 4107 207
514 4035 643 4108 7,quae
662 4011 697 4082 in
712 4013 818 4083 finem
837 4006 1069 4082 annotationis
1083 4008 1269 4105 rejicienda

278 4128 389 4192 erant,
399 4107 519 4195 insere,
537 4067 913 4184 lmmononninativum
929 4110 1043 4206 potius
1055 4111 1090 4181 in
1104 4114 1167 4182 hac
1181 4134 1270 4182 con

277 4209 468 4285 strullione
485 4211 660 4286 subaudiri
682 4211 851 4310 colligere
867 4212 948 4287 licet
965 4238 1011 4286 ex
1029 4211 1268 4285 locutionibus

1054 4310 1271 4410 hujusmodi,
