3134 5042
868 678 1051 774 (7)·

498 851 580 932 ὕπνος
598 858 643 926 ὅτε
659 875 779 950 patratur
795 876 910 948 μελιτος
926 859 1109 952 βλεφαροισιν
1125 851 1234 951 spedus,

1264 976 1433 1050 saraptana,
1472 974 1473 977 ’

503 1217 670 1292 Transeat
689 1217 744 1291 hic
763 1220 831 1290 fine
848 1221 942 1289 nube
958 1217 1043 1303 dies,
1051 1218 1138 1308 stent
1153 1243 1230 1290 aere
1245 1219 1355 1307 venti,

553 1319 665 1392 Ponat
686 1339 719 1389 et
737 1317 771 1388 in
792 1321 879 1390 heco
897 1318 1049 1390 molliter
1066 1320 1160 1390 unda
1177 1319 1308 1402 minas,

503 1417 707 1513 Adspiciam
726 1419 841 1490 nullos
858 1417 1023 1488 hodiem&
1040 1417 1115 1490 luce
1132 1421 1302 1503 dolentes,

555 1519 601 1590 Et
619 1516 740 1590 Niobe
759 1519 928 1614 lacrymas
946 1514 1132 1612 supprimat
1150 1517 1221 1615 ipse
1236 1518 1335 1614 lapis.

508 1695 601 1768 Haec
629 1693 842 1792 scripseram,
877 1695 957 1766 ciam
977 1692 1084 1765 incidi
1111 1690 1146 1764 in
1180 1694 1438 1765 annotationem

459 1793 510 1868 D'
512 1795 654 1866 Orvillii
665 1797 707 1866 ad
724 1794 859 1867 Charit.
871 1797 938 1866 hirc
954 1793 973 1864 s
969 1794 1182 1887 pestantem
1195 1818 1241 1888 qn
1234 1795 1440 1866 &lectorem

458 1918 518 1990 qut
509 1894 886 1992 pluratelrtablego
939 1891 1000 1965 Est
1027 1894 1071 1964 ad
1091 1902 1292 1989 paginan
1241 1896 1343 1986 l⁶83
1363 1893 1440 1964 edi-

454 1991 558 2067 tionis
573 1993 775 2068 novisfimae.
827 1995 953 2066 Unum
971 1993 1174 2088 exemplum
1191 1990 1289 2065 illinc
1306 1948 1442 2065 siimam

457 2098 554 2190 quod
574 2095 715 2191 propius
732 2095 776 2166 ad
795 2093 935 2165 Moschi
955 2096 1073 2165 locum
1090 2093 1244 2165 accedat.
1276 2091 1442 2192 peripsema

460 2197 562 2270 arelat.
607 2193 733 2266 Plato
724 2219 759 2264 tn
780 2194 940 2264 Pllaedro.

512 2289 591 2364 Ver.
604 2317 640 2384 ¹3.
658 2314 780 2385 *γλυκιων
792 2295 910 2385 pumilae·
938 2288 1100 2361 Similiter
1111 2288 1212 2384 supra
1230 2293 1261 2366 tit
1276 2312 1343 2384 μελι
1356 2315 1440 2379 pura·

462 2393 514 2464 At
531 2391 615 2487 quid
635 2391 756 2464 sumno
770 2393 827 2462 vel
846 2389 1085 2487 placidissimo,
1101 2412 1161 2462 aut
1179 2389 1255 2462 voci
1272 2394 1327 2462 vel
1342 2393 1443 2462 blan-

460 2490 615 2576 dilsrmae,
631 2515 713 2564 cum
728 2489 838 2561 mellis
852 2489 1039 2574 dulcedine
1049 2513 1238 2563 commune
1251 2489 1321 2564 est?
1348 2489 1445 2562 Scias

460 2591 568 2664 velim
597 2593 664 2664 hoc
682 2615 792 2686 genus
815 2590 1071 2677 similitudines,
1090 2608 1125 2662 et
1122 2593 1375 2700 metaphoras,
1397 2613 1444 2662 ert

462 2690 606 2787 angusta
631 2691 812 2761 humani
805 2691 934 2788 ingenii
965 2689 1052 2761 sorte
1071 2687 1233 2800 primirm
1275 2686 1444 2786 professas

463 2792 556 2873 else·
581 2790 711 2886 quippe
734 2791 815 2860 clim
838 2791 1007 2885 plurimos
1024 2785 1129 2859 animi
1153 2787 1268 2861 sensus
1297 2790 1443 2860 omnino

462 2913 649 2984 nunquam
667 2888 867 3002 exprimere
880 2889 1065 2985 potuissent
1079 2886 1251 2976 homines,
1265 2889 1324 2961 nili
1337 2887 1443 2961 trans-

464 2989 651 3064 sationibus
665 3014 711 3062 εκ
730 2987 770 3062 iis
786 2993 889 3063 rebus
901 2991 1014 3062 duelis

713 3171 834 3255 “qnae
852 3183 1039 3257 corpora
1011 3160 1145 3232 mittere
1159 3164 1282 3270 possint

517 3259 688 3341 Sensibus,
708 3281 739 3330 et
759 3259 889 3330 nostros
906 3235 1040 3354 adjectti
1059 3281 1198 3357 tangere
1216 3264 1363 3336 tactusl'

467 3434 528 3508 Src
546 3435 590 3508 ad
620 3433 727 3507 somni
755 3436 869 3507 lenem
897 3455 931 3505 et
949 3434 1121 3530 placidam
1146 3457 1304 3508 naturam
1329 3419 1446 3510 decla

466 3535 625 3620 randam,
643 3533 757 3606 dulcem
776 3558 853 3605 eam
877 3536 1149 3632 appellaverunt.
1189 3538 1269 3608 Hoc
1288 3535 1371 3610 vero
1389 3561 1447 3608 ve-

407 3644 410 3652 ’
467 3641 536 3730 nia
566 3633 667 3708 semel
694 3637 868 3720 concessu,
898 3634 1004 3731 quare
1033 3660 1103 3705 non
1132 3632 1309 3728 ipsum,'sr
1340 3635 1449 3709 modi>

469 3735 659 3830 placuisset,
673 3733 759 3804 malle
773 3733 942 3805 ditatorem
959 3735 1024 3805 effe
1041 3732 1221 3805 dicerent?
1256 3737 1447 3819 Caeteritm,

468 3859 512 3906 ex
543 3834 653 3907 mellis
686 3835 870 3905 dulcedine
905 3835 1142 3941 metaphoram
1179 3835 1449 3929 pulcherrimam

469 3933 570 4006 duxit
583 3935 734 4004 Naturae
741 3932 798 4003 ille
811 3931 917 4021 filius,
933 3930 1179 4028 Shalcesperius
1195 3931 1346 4030 nostras·

520 4103 602 4175 And
622 4101 638 4172 l
657 4100 699 4175 os
710 4103 817 4176 ladies
836 4105 922 4176 most
939 4105 1052 4198 deieci
1069 4112 1138 4182 and
1158 4066 1344 4201 wretched,

519 4203 616 4276 That
630 4198 758 4277 sucked
773 4204 830 4276 the
842 4205 934 4299 honor
946 4204 988 4280 os
997 4205 1050 4280 his
1066 4211 1314 4284 musrckvons.

1117 4317 1121 4324 '
1242 4310 1402 4382 Hamlet.
