3134 5042
689 589 879 691 (42)

310 817 313 824 ·
344 789 381 859 τῳ
396 766 506 862 χίἷμας
523 764 674 840 κλαυσωνΊε
691 755 792 854 φίλαις
807 795 853 837 tm
869 797 953 864 χερσι
970 763 1062 847 emme

1157 885 1282 950 πολλοις

293 1037 1277 1080 *mm-w
1302 1081 1305 1086 Ι

346 1131 440 1209 Ibid.
465 1158 558 1230 μεγα·
586 1131 754 1206 Similiter
771 1136 969 1227 Homerus,
1146 1100 1149 1104 A

395 1263 473 1332 κλυθι
489 1291 554 1354 μευ,
572 1261 726 1354 ΑργυρυΊοῖ
743 1265 771 1338 ὃς
789 1274 893 1352 Χρυσην
910 1265 1119 1357 migremur,

395 1374 513 1432 Κιλλαν
530 1392 561 1450 γε
579 1361 687 1454 (altar,
703 1365 824 1432 Τενεδοιο
839 1395 871 1433 τε
889 1390 928 1452 tor
945 1395 1089 1441 araucas.
1176 1436 1178 1440 ,

323 1487 431 1558 Νετ.
446 1510 505 1582 32.
532 1511 583 1584 τῳ·
607 1483 700 1558 Vide
714 1485 948 1560 Zeuniumad
961 1485 1080 1581 Viger.
1099 1512 1136 1586 p.
1152 1510 1213 1578 24.

348 1585 442 1658 Ibid.
458 1589 534 1680 ἡμας
548 1587 710 1662 movearis·
725 1589 783 1662 aula
811 1586 974 1685 Aliquod
992 1585 1113 1659 mortis
1125 1585 1286 1661 solatium

299 1686 494 1770 habebatur
510 1687 533 1757 fi
551 1704 720 1782 parentes,
738 1688 793 1759 vel
812 1685 891 1774 filii,
910 1688 967 1758 vel
984 1688 1125 1784 cognati
1147 1686 1197 1759 lui
1222 1689 1287 1760 ho·

299 1807 538 1860 mrmmortuo
539 1786 711 1897 suprema
723 1785 838 1859 officra
852 1785 1093 1885 praestruffent
1113 1785 1287 1860 HincTi·
1337 1869 1343 1877 ,

289 1885 502 1976 'bullus,l.'
494 1911 519 1958 1.
537 1883 586 1959 iii.
606 1909 642 1971 2,
660 1883 1020 1972 rnlocosuaviffimo,
1101 1982 1103 1986 v

350 2014 419 2085 Me
435 2017 529 2084 tenet
546 2007 673 2122 ignotis
690 2030 827 2108 aegrum
845 1989 1009 2085 Phaeacia
1025 2008 1141 2097 terris,

350 2109 537 2184 Abstineas
553 2107 686 2196 avidas,
706 2111 820 2196 Mors,
833 2135 970 2207 precor,
985 2130 1073 2201 atra,
1088 2109 1233 2184 manus!

351 2207 551 2298 Abstineas,
563 2210 666 2284 Mors
676 2229 762 2298 atra,
772 2233 911 2308 precor
929 2235 1001 2285 non
1014 2209 1171 2286 hicmrhr
1182 2225 1299 2306 mater·

351 2313 441 2408 Qiae
460 2311 575 2410 legat
568 2337 603 2382 rn
623 2311 763 2384 moestos
779 2313 852 2384 offa
869 2313 1003 2422 perusta
1020 2314 1123 2386 finus.

303 2439 350 2510 Et
374 2435 584 2531 Juvenalis
575 2462 611 2509 tn
640 2436 720 2509 loco
746 2436 810 2508 ubl
837 2437 1093 2538 Philosophum
1111 2436 1240 2535 pariter
1254 2455 1293 2510 et

303 2541 449 2613 Poetam
468 2536 555 2634 agit,
575 2519 647 2609 Sat.
664 2561 698 2608 rr.
718 2559 738 2608 a
743 2540 806 2634 58

354 2660 529 2734 Incolumi
547 2657 657 2758 Trojal
674 2659 834 2733 Priamus
849 2658 995 2734 venisset
1010 2662 1054 2735 ad
1072 2663 1216 2736 umbras

355 2741 512 2836 Assaraci
528 2764 664 2860 magnis
676 2758 906 2850 solemnibus,
918 2761 1078 2834 Hedlore
1092 2761 1196 2835 funus

355 2864 532 2950 Portante,
551 2887 590 2933 ac
606 2861 746 2956 reliquis
763 2860 911 2934 fratrum
929 2861 1138 2944 cervicibus,
1156 2861 1247 2935 inter

263 3001 264 3010 κ
356 2961 508 3034 Iliadum
519 2965 701 3054 lacrymas,
712 2981 752 3032 ut
766 2962 904 3058 primos
920 2964 1021 3032 edere
1038 2961 1199 3058 plandtus

358 3062 547 3134 Cassandra
560 3059 741 3155 inciperet,
759 3060 926 3156 scissaque
937 3061 1119 3158 Polyxena
1129 3060 1247 3157 palli:

267 3195 271 3204 ·
359 3164 395 3236 Si
413 3161 501 3236 foret
513 3161 687 3235 extindlus
703 3160 840 3236 diverso
857 3183 1032 3258 ternpore,
1050 3187 1123 3258 quo
1133 3159 1213 3260 jam

358 3267 524 3362 Coeperat
539 3264 687 3334 audaces
706 3261 803 3358 Paris
820 3262 991 3336 aedificare
1007 3262 1151 3336 carinas.

311 3395 392 3467 Nec
406 3387 493 3461 nihil
508 3383 749 3458 consolationis
765 3386 848 3460 iude
863 3387 997 3461 redibat
1009 3389 1054 3460 ad
1071 3411 1133 3460 eos
1151 3382 1214 3481 qui
1232 3409 1299 3481 pa-

311 3491 467 3565 rentibus
478 3508 537 3568 aut
548 3486 628 3559 filus
639 3505 699 3558 aut
710 3507 873 3584 cognatis
888 3509 1032 3560 mortuis
1043 3483 1301 3594 superfurllent‘
1394 3549 1398 3559 .

311 3589 414 3666 Hinc
440 3585 630 3684 Virgilius
622 3611 658 3657 m
675 3589 911 3684 pulcherrimo
928 3588 991 3660 illo
1007 3585 1083 3658 Nifi
1102 3605 1137 3657 et
1154 3581 1299 3680 Euryali

313 3673 620 3790 episodi0,AEn.'
612 3711 659 3761 rx.
677 3692 824 3784 485,

363 3841 465 3927 Heu,
480 3838 571 3911 terra
585 3837 716 3948 ignota,
732 3835 877 3910 canibus
887 3833 974 3906 data
984 3834 1103 3931 praeda
1112 3827 1250 3906 Latrnrs

364 3894 610 4033 Alitibusque
597 3962 706 4033 jaces,
726 3963 791 4010 nec
808 3956 841 4008 te
857 3954 916 4008 tua
936 3932 1060 4008 funera
1076 3952 1188 4006 mater

364 4038 536 4128 Produxi,
555 4041 700 4134 preffrve
716 4039 834 4112 oculos
851 4054 923 4111 aut
929 4037 1073 4111 vulnera
1088 4031 1173 4109 tan
1234 4120 1237 4125 ⁵
1289 4055 1295 4064 ’
1348 4085 1353 4094 .

1208 4176 1302 4254 Ibid.
