3134 5042
542 995 847 1156 merom·
895 997 1289 1099 uuuuvonu
1348 987 1353 999 ’
1404 1071 1409 1076 .

751 1318 1062 1330 *μ-ι--ι--η

752 1333 1061 1350 Μ

212 1623 217 1630 ,
402 1495 592 1649 *QUID
607 1569 664 1618 me
674 1544 889 1642 potissimum
906 1527 1086 1640 impulerit
1098 1539 1142 1610 ad
1155 1538 1290 1610 huncce
1307 1535 1409 1609 libel·

314 1638 317 1644 *
422 1649 499 1720 lum
511 1643 804 1718 conscribendum
818 1670 858 1717 ac
874 1642 1123 1729 edendum,s1c
1137 1637 1257 1735 paucis
1271 1638 1414 1709 habeto.v

423 1748 484 1818 Ex
511 1769 585 1842 quo
611 1770 738 1840 pueros
765 1746 898 1841 aliquot
921 1739 1055 1814 Graecis
1079 1760 1113 1812 et
1141 1738 1278 1812 Latinis
1303 1735 1410 1810 literis

421 1844 631 1926 erudiendos
647 1843 791 1942 suscepi,
810 1867 1035 1917 omnesmeas
1048 1864 1147 1914 curas
1166 1836 1409 1937 cogitationes·

423 1943 497 2042 que
511 1945 546 2016 in
565 1946 633 2017 hoc
651 1947 799 2034 contuli,
817 1965 995 2018 uteorum
1011 1938 1237 2040 proseslibus,
1253 1963 1409 2035 quacun·

422 2070 493 2143 que
512 2047 644 2141 possem
662 2047 808 2132 ratione,
826 2045 1039 2119 inservirem.
1078 2044 1134 2114 Ac
1150 2063 1225 2112 rem
1244 2036 1331 2110 mihi
1349 2038 1407 2108 sae-

420 2147 499 2240 pius
525 2147 757 2242 perpendenti
775 2145 943 2241 persuasio
958 2143 1102 2217 tandem
1125 2137 1266 2227 insedit,
1293 2163 1338 2210 ex
1356 2157 1410 2210 tot

420 2244 519 2316 libris
538 2247 597 2338 qui
616 2244 651 2314 in
671 2243 770 2316 usum
789 2243 950 2316 studiosae
967 2239 1164 2338 juventutis
1190 2239 1305 2311 adbuc
1322 2262 1408 2311 con-

421 2345 551 2417 cinnati
569 2345 722 2429 suerunt,
743 2346 960 2438 paucissimos
976 2342 1053 2414 sane
1071 2350 1193 2413 eoru'm
1210 2340 1410 2411 commodi·

420 2445 551 2517 tatibus
577 2444 639 2539 qui
666 2446 812 2517 Graecos
839 2445 963 2514 Poetas
983 2439 1140 2512 alilnine
1157 2441 1313 2539 salutant,
1331 2437 1408 2510 satis

306 2631 307 2636 η
380 2580 388 2606 t
420 2544 609 2618 consulere.
663 2543 732 2616 Sed
759 2571 804 2617 ne
822 2543 957 2615 lectoris
986 2560 1145 2634 tempora
1162 2564 1315 2613 remorer
1331 2537 1407 2611 fuse

419 2645 632 2739 explicando
647 2669 728 2740 quae
747 2646 782 2718 in
801 2643 951 2716 aliorum
965 2642 1144 2714 laboribus
1160 2640 1277 2712 minus
1293 2638 1408 2712 felici-

338 2749 342 2756 ’
419 2745 473 2817 ter
496 2743 732 2816 administrata
757 2742 845 2816 mihi
874 2744 1073 2831 videantur,
1103 2742 1190 2837 quid
1219 2739 1306 2812 mihi
1335 2738 1409 2835 ipse

418 2843 672 2942 proposuerim,
688 2845 884 2918 brevissime
902 2868 1094 2941 exponam.
1122 2839 1280 2914 Primdm
1299 2839 1407 2940 igitur
1441 2869 1445 2873 ’

334 2963 336 2969 ⁴
415 2945 454 3017 id
490 2946 601 3035 volui,
645 2965 684 3016 ut
719 2944 856 3042 quotids
900 2945 937 3017 in
972 2942 1224 3032 venustiorem,
1250 2941 1407 3037 aliquam

415 3047 631 3118 locutionem
649 3045 859 3134 incidissem,
886 3071 964 3118 eam
991 3043 1166 3138 exemplis
1192 3045 1273 3115 cbm
1301 3045 1408 3114 Grae-

416 3145 467 3217 cis
494 3146 571 3216 tunt
597 3145 733 3216 Latinis
764 3145 966 3219 illustratam
993 3147 1113 3217 darem
1122 3177 1134 3229 3
1176 3144 1243 3217 hac
1276 3142 1431 3216 scilicdt·

367 3267 373 3278 ·
416 3264 550 3332 mente,
568 3261 608 3314 ut
624 3242 815 3338 discipulos
834 3269 930 3318 meos
947 3265 1052 3342 atque
1068 3245 1154 3318 alios
1179 3246 1216 3340 (fi
1240 3245 1301 3338 qui
1317 3241 1408 3316 forte

414 3344 553 3417 fuissent
581 3343 642 3440 qui
667 3343 745 3416 med
772 3347 889 3441 opelld
918 3344 985 3417 frui
1003 3347 1161 3442 vellent),
1187 3347 1223 3416 in
1247 3346 1407 3416 hortulos

391 3449 397 3456 ’
413 3446 492 3520 illos
512 3445 648 3519 Veteris
666 3445 803 3523 Poestar
819 3447 1066 3519 amoeuiffimos
1093 3444 1193 3541 quasi
1212 3471 1321 3516 manu
1338 3447 1405 3517 du-

413 3571 543 3634 cerem,
567 3567 600 3618 et
617 3545 799 3620 incitarem
817 3566 856 3619 ut
874 3547 1034 3622 flosculos
1053 3545 1308 3645 pulcherrimos
1328 3543 1411 3618 illic·

412 3665 510 3720 natos
527 3648 588 3744 ipsr
609 3646 670 3718 fibi
688 3647 930 3744 decerperent.
967 3647 1121 3736 Deinde,
1138 3646 1297 3741 latinas,
1316 3671 1404 3742 quas

413 3768 559 3836 vocant,
575 3741 755 3820 “versiones
780 3749 920 3844 penitus
954 3748 1089 3837 amovi,
1121 3749 1291 3843 fiquidem
1325 3772 1404 3842 per·

409 3846 631 3920 suastsfimum
650 3849 762 3920 habeo
781 3848 868 3920 nibil
887 3851 1024 3921 Graecae
1043 3847 1229 3920 eruditioni
1247 3845 1403 3945 inauspi-

412 3943 534 4030 catius,
566 3948 652 4020 nihil
677 3947 843 4036 infestius,
873 3949 957 4021 nihil
986 3951 1186 4048 damnosius
1213 3946 1403 4047 excogitari

409 4047 569 4143 potuisse.
621 4051 783 4122 Textum
819 4046 980 4122 constitui
1013 4051 1058 4121 ad
1095 4049 1204 4122 fidem
1237 4050 1401 4122 editionis

408 4127 653 4240 Brunckianae,
672 4175 780 4246 quam
805 4148 929 4241 solam,
955 4171 1077 4248 praeter
1096 4151 1195 4223 istam
1214 4152 1399 4250 vulgarem

565 4288 568 4293 ·
1317 4273 1401 4347 quae
